@online{ISTANS,
  author      = {산업연구원},
  title       = {취업계수(산업별)},
  url         = {https://istans.or.kr/mobile/suResult.do?scode=S318&pName=%EC%82%B0%EC%97%85%EC%97%B0%EA%B4%80%EA%B4%80%EA%B3%84},
  year        = {2021-06-29},
  howpublished= {업데이트 일자},
  abstract    = {2016년과 2017년은 생산자가격 기준의 산업연관표 사용. 이전은 기초가격 기준. 한국은행의 기본부문 산업연관표를 ISTANS 산업으로 재구성한 산업연관표를 토대로 계산. 생산유발계수의 전산업은 정의 안되며, 생산유발계수를 기반으로 계산되는 변수들(수입유발계수 등)도 전산업 없음. 총산출에는 자가공정 포함. 분류상 특이사항 등이 있음.},
}

@misc{icisdata2021,
  title={Pollutant release and transfer register by Industry in 2021},
  author={Ministry of Environment, Republic of Korea},
  year={2021},
  howpublished={https://icis.me.go.kr/},
  note={Accessed on February 24, 2024}
}

@article{류태창2013cvm,
  title={CVM 을 이용한 도시방재시설의 경제적 가치 평가에 관한 연구-경기도 소방서를 중심으로},
  author={류태창},
  journal={Journal of KOSHAM},
  volume={13},
  number={4},
  pages={177--184},
  year={2013},
  publisher={Citeseer}
}

@techreport{culture2009,
  author = {문화체육관광부 도서관정보정책기획단(도서관정책과)},
  title = {공공도서관의 경제적 가치 측정 연구},
  year = {2009},
  month = {12},
  day = {31},
  institution = {문화체육관광부 도서관정보정책기획단},
  note = {발간등록번호: 11-1371000-000160-01, ISBN: 978-89-7820-275-6 93020},
}

@article{ART001781846,
author={김영석},
title={우리나라 공공도서관의 규모에 관한 연구},
journal={한국도서관·정보학회지},
issn={2466-2542},
year={2013},
volume={44},
number={2},
pages={377-398},
doi={10.16981/kliss.44.2.201306.377}
}

@article{kang2009,
  author = {강기래},
  title = {조건부가치측정법을 이용한 자연휴양림 휴양가치 측정},
  title_translation = {Study on Measuring the Value of Recreational Forests Using Contingent Valuation Method},
  journal = {한국조경학회지 = Journal of Korean institute of landscape architecture},
  year = {2009},
  volume = {37},
  number = {5},
  pages = {42-52},
  publisher = {한국조경학회},
  language = {kor},
  issn = {1225-1755; 2288-9566},
  category = {712},
  keywords = {공공재, 환경가치, 경제적 가치, 연간휴양가치, 경제학적 접근},
  affiliation = {경북대학교 대학원 조경학과}
}

@thesis{park2001,
  author = {박윤경},
  title = {지불의사접근법에 의한 보건진료소 편익분석 benefit analysis of community health practitioner post using willingness to pay approach},
  school = {연세대학교 보건대학원},
  year = {2001},
  type = {석사학위논문},
  language = {한국어},
  address = {서울},
  note = {학위논문(석사)-- 연세대학교 보건대학원: 보건정책및관리학과 2001. 2},
  holding = {연세대학교 원주학술정보원 (242009)}
}

@techreport{park2004,
  title = {문화시설의 가치추정 연구},
  year = {2004},
  month = {12},
  day = {31},
  institution = {한국개발연구원},
  authors = {박현 and 유경준 and 곽승준},
  publisher = {한국개발연구원},
  printed = {2004-12-24},
  price = {7,000원},
  isbn = {89-8063-213-4},
  registered = {1975-05-23 제6-0004호},
  representative = {김중수},
  contact = {대표전화: 958-4114, 팩시밀리: 961-5092},
  copyright = {ⓒ 한국개발연구원 2004},
}

@article{kim2021,
  author = {김혜령 and 윤희연},
  title = {합리적 토지이용 정책결정을 위한 보전지역 경제적 가치평가: 조건부가치평가법(CVM)을 활용하여},
  journal = {한국지역개발학회지},
  volume = {33},
  number = {1},
  pages = {175-199},
  year = {2021},
}

@online{seoul-env-news,
  title = {서울시 환경자연생태 소식},
  url = {https://news.seoul.go.kr/env/archives/516279},
  note = {접속일: 2024-02-27},
  organization = {서울특별시 환경정책과},
  year = {2023},
  month = {10},
  day = {30},
}

@article{kim2007,
  author = {김재홍},
  title = {울산지역 도시공원의 가치측정},
  journal = {한국정책과학학회보},
  volume = {11},
  number = {1},
  pages = {151-177},
  year = {2007},
}

@techreport{chungnam_technical_report,
  author = {임재영 and 임성수 and 안수용},
  title = {충남도 내 대기업 2개사 공장유치의 경제효과 분석},
  institution = {충남연구원 공공투자관리센터},
  year = {2022},
}

@techreport{충남연구원2015,
    title = {일반산업단지 수요 및 편익 추정 사례 - 경산 4 일반산업단지를 중심으로 -},
    author = {임재영 and 이종윤},
    institution = {충남연구원},
    year = {2015},
    type = {공공투자연구 포럼사업 보고서}
}

@misc{seoul_opendata_2022,
  title = {영세자영업 규모별 면적(3.3㎡)당 매출액},
  organization = {서울특별시},
  author = {서울특별시 복지정책실 복지기획관 복지정책과 (백현기)},
  publisher = {디지털정책관 빅데이터담당관},
  year = {2022},
  url = {https://data.seoul.go.kr/dataList/DT201015016/S/2/datasetView.do},
  tags = {영세자영업}
}
